@article{Alonetal99,
       author={{Alon, A., {\it et.~al}}},
       title={Broad {P}atterns of {G}ene {E}xpression {R}evealed by {C}lustering {A}nalysis of {T}umor and {N}ormal {C}olon {T}issues {P}robed by {O}ligonucleotide {A}rrays},
       journal={Proc. Natl. Acad. Sci. USA},
       volume={96},
       year = {1999},
       pages = {6745-6750}
}

@article{Bose98,
       author={Bose, A.},
       title={Bahadur representation of ${M}_m$ estimates},
       journal={Ann. of Statist.},
       volume={26-2},
       year = {1998},
       pages = {771-777}
}

@article{BoseC03,
       author={Bose, A. and S. Chatterjee},
       title={Generalized bootstrap for  estimators of minimizers of convex
functionals},
       journal={J. of Statist. Planning and Inference},
       volume={117},
       year = {2003},
       pages = {225-239}
}

@book{Ferguson67,
year = {1967},
author = {Ferguson, T.S.},
title = {Mathematical Statistics, A Decision Theoretic Approach},
publisher = {Academic Press},
address = {New York, NY}
}

@article{Haberman89,
       author={Haberman, S.J.},
       title={Concavity and estimation},
       journal={Ann. of Statist.},
       volume={17},
       year = {1989},
       pages = {1631-1661}
}

@article{Haldane48,
       author={Haldane, J.B.S.},
       title={Note on the median of a multivariate distribution},
       journal={Biometrika},
       volume={35},
       year = {1948},
       pages = {414-415}
}

@book{HTF09,
       author={{Hastie, T. and R. Tibshirani and J. Friedman}},
       title={The {E}lements of {S}tatistical {L}earning: {D}ata {M}ining, {I}nference, and {P}rediction},
       year ={2009},
       publisher = {Springer}
}

@article{Niemiro92,
       author={Niemiro, W.},
       title={Asymptotics for {M}-estimators defined by convex minimization},
       journal={Ann. of Statist.},
       volume={20},
       year = {1992},
       pages = {1514-1533}
}

@article{Chaudhuri96,
       author={Chaudhuri, P.},
       title={On a geometric notion of quantiles for multivariate data},
       journal={J. of Amer. Stat. Assoc.},
       volume={91},
       year = {1996},
       pages = {862-872}
}

@article{MukhopadhyayC11,
       author={Mukhopadhyay, N. and S.B. Chatterjee},
       title={High dimensional data analysis using multivariate generalized spatial quantiles},
       journal={J. Mult. Anal.},
       volume={102-4},
       year = {2011},
       pages = {768-780}
}

@book{Rockafellar70,
	year = {1970},
	author = {Rockafeller, R.T.},
	title = {Convex {A}nalysis},
	publisher = {Princeton Univ. Press},
	address = {Princeton, NJ}
}
